@inproceedings{xiao2017fast,
  title={A Fast Algorithm to Compute Maximum k-Plexes in Social Network Analysis.},
  author={Xiao, Mingyu and Lin, Weibo and Dai, Yuanshun and Zeng, Yifeng},
  booktitle={AAAI},
  pages={919--925},
  year={2017}
}

@book{fomin2010exact,
  title={Exact exponential algorithms},
  author={Fomin, Fedor V and Kratsch, Dieter},
  year={2010},
  publisher={Springer Science \& Business Media}
}