@inproceedings{xiao2017fast,
  title={A Fast Algorithm to Compute Maximum k-Plexes in Social Network Analysis.},
  author={Xiao, Mingyu and Lin, Weibo and Dai, Yuanshun and Zeng, Yifeng},
  booktitle={AAAI},
  pages={919--925},
  year={2017}
}

@book{fomin2010exact,
  title={Exact exponential algorithms},
  author={Fomin, Fedor V and Kratsch, Dieter},
  year={2010},
  publisher={Springer Science \& Business Media}
}

@article{balasundaram2011clique,
  title={Clique relaxations in social network analysis: The maximum k-plex problem},
  author={Balasundaram, Balabhaskar and Butenko, Sergiy and Hicks, Illya V},
  journal={Operations Research},
  volume={59},
  number={1},
  pages={133--142},
  year={2011},
  publisher={INFORMS}
}

@article{mcclosky2012combinatorial,
  title={Combinatorial algorithms for the maximum k-plex problem},
  author={McClosky, Benjamin and Hicks, Illya V},
  journal={Journal of combinatorial optimization},
  volume={23},
  number={1},
  pages={29--49},
  year={2012},
  publisher={Springer}
}

@article{moser2012exact,
  title={Exact combinatorial algorithms and experiments for finding maximum k-plexes},
  author={Moser, Hannes and Niedermeier, Rolf and Sorge, Manuel},
  journal={Journal of combinatorial optimization},
  volume={24},
  number={3},
  pages={347--373},
  year={2012},
  publisher={Springer}
}